<bib>
  <record>
    <leader>02066cam a2200457Ia 4500</leader>
    <controlfield tag="001">990031094930302486</controlfield>
    <controlfield tag="005">20160112000031.0</controlfield>
    <controlfield tag="008">721007s1899    tnucf    b    001 0 eng d</controlfield>
    <datafield ind1=" " ind2=" " tag="010">
      <subfield code="a">72193749</subfield>
    </datafield>
    <datafield ind1=" " ind2=" " tag="035">
      <subfield code="a">(Aleph)003109493EMU01</subfield>
    </datafield>
    <datafield ind1=" " ind2=" " tag="035">
      <subfield code="a">(OCoLC)548912</subfield>
    </datafield>
    <datafield ind1=" " ind2=" " tag="035">
      <subfield code="a">(OCoLC)00548912</subfield>
    </datafield>
    <datafield ind1=" " ind2=" " tag="040">
      <subfield code="a">DLC</subfield>
      <subfield code="c">DLC</subfield>
      <subfield code="d">OCLCQ</subfield>
      <subfield code="d">UtOrBLW</subfield>
    </datafield>
    <datafield ind1=" " ind2=" " tag="043">
      <subfield code="a">n-us---</subfield>
    </datafield>
    <datafield ind1=" " ind2=" " tag="049">
      <subfield code="a">AJ#A</subfield>
    </datafield>
    <datafield ind1="0" ind2="0" tag="050">
      <subfield code="a">HT1581</subfield>
      <subfield code="b">.S58</subfield>
    </datafield>
    <datafield ind1="0" ind2="0" tag="082">
      <subfield code="a">301.45/19/6073</subfield>
    </datafield>
    <datafield ind1="1" ind2=" " tag="100">
      <subfield code="a">Smith, C. S.</subfield>
      <subfield code="q">(Charles Spencer),</subfield>
      <subfield code="d">1852-1923.</subfield>
    </datafield>
    <datafield ind1="1" ind2="0" tag="245">
      <subfield code="a">Race question reviewed /</subfield>
      <subfield code="c">by Charles Spencer Smith ; with individual comments and press notices.</subfield>
    </datafield>
    <datafield ind1=" " ind2="1" tag="264">
      <subfield code="a">Nashville, Tenn. :</subfield>
      <subfield code="b">[publisher not identified],</subfield>
      <subfield code="c">1899.</subfield>
    </datafield>
    <datafield ind1=" " ind2=" " tag="300">
      <subfield code="a">63 pages, 1 unnumbered leaf of plates :</subfield>
      <subfield code="b">portrait ;</subfield>
      <subfield code="c">22 cm.</subfield>
    </datafield>
    <datafield ind1=" " ind2=" " tag="336">
      <subfield code="a">text</subfield>
      <subfield code="b">txt</subfield>
      <subfield code="2">rdacontent</subfield>
    </datafield>
    <datafield ind1=" " ind2=" " tag="337">
      <subfield code="a">unmediated</subfield>
      <subfield code="b">n</subfield>
      <subfield code="2">rdamedia</subfield>
    </datafield>
    <datafield ind1=" " ind2=" " tag="338">
      <subfield code="a">volume</subfield>
      <subfield code="b">nc</subfield>
      <subfield code="2">rdacarrier</subfield>
    </datafield>
    <datafield ind1="1" ind2=" " tag="583">
      <subfield code="a">will digitize</subfield>
      <subfield code="c">20150326</subfield>
      <subfield code="2">pda</subfield>
      <subfield code="5">GEU-S</subfield>
      <subfield code="x">public domain</subfield>
    </datafield>
    <datafield ind1=" " ind2=" " tag="500">
      <subfield code="a">Consists of a reprint of an article published in the Nashville American on Jan. 29, 1899 on p. 7-12 accompanied by individual comments sent to the author on p. 13-41 and comments originally published in contemporary newspapers and journals on p. [42]-63.</subfield>
    </datafield>
    <datafield ind1=" " ind2=" " tag="504">
      <subfield code="a">Includes bibliographical references.</subfield>
    </datafield>
    <datafield ind1=" " ind2="0" tag="650">
      <subfield code="a">African Americans</subfield>
      <subfield code="x">Civil rights.</subfield>
    </datafield>
    <datafield ind1=" " ind2="0" tag="651">
      <subfield code="a">United States</subfield>
      <subfield code="x">Race relations.</subfield>
    </datafield>
    <datafield ind1=" " ind2="0" tag="650">
      <subfield code="a">African Americans</subfield>
      <subfield code="x">Suffrage.</subfield>
    </datafield>
    <datafield ind1=" " ind2="0" tag="650">
      <subfield code="a">Lynching</subfield>
      <subfield code="z">United States.</subfield>
    </datafield>
    <datafield ind1=" " ind2="7" tag="655">
      <subfield code="a">African American author.</subfield>
      <subfield code="2">local</subfield>
      <subfield code="5">GEU</subfield>
    </datafield>
    <datafield ind1=" " ind2="7" tag="655">
      <subfield code="a">African American pamphlet.</subfield>
      <subfield code="2">local</subfield>
      <subfield code="5">GEU</subfield>
    </datafield>
    <datafield ind1="1" ind2=" " tag="700">
      <subfield code="a">Butcher, Charles Simpson,</subfield>
      <subfield code="e">collector.</subfield>
      <subfield code="5">GEU</subfield>
    </datafield>
    <datafield ind1=" " ind2=" " tag="910">
      <subfield code="a">RDA ENRICHED</subfield>
    </datafield>
    <datafield ind1=" " ind2=" " tag="910">
      <subfield code="a">MARS</subfield>
    </datafield>
    <datafield ind1=" " ind2=" " tag="945">
      <subfield code="a">EMU</subfield>
      <subfield code="b">dmf</subfield>
      <subfield code="2">20120606</subfield>
    </datafield>
    <datafield ind1=" " ind2=" " tag="035">
        <subfield code="a">(OCoLC)990031094930302486</subfield>
    </datafield>
    <datafield ind1=" " ind2=" " tag="994">
      <subfield code="a">C0</subfield>
      <subfield code="b">AJ#</subfield>
    </datafield>
    <datafield ind1=" " ind2=" " tag="999">
      <subfield code="a">2012 1127</subfield>
      <subfield code="b">available</subfield>
      <subfield code="i">010002588678</subfield>
      <subfield code="l">STACK</subfield>
      <subfield code="m">MARBL</subfield>
      <subfield code="t">BOOK</subfield>
      <subfield code="w">4</subfield>
    </datafield>
  </record>
</bib>
